@misc{NSF_software_vision,
author={{National Science Foundation}},
title={A Vision and Strategy for Software for Science, Engineering, and Education: Cyberinfrastructure Framework for the 21st Century},
note={NSF 12-113, \url{http://www.nsf.gov/publications/pub_summ.jsp?ods_key=nsf12113}},
year={2012},
}


@techreport{Miller_WSSSPE,
   author    = "Miller, Mark C. and Diachin, Lori and Balay, Satish and McInnes, Lois Curfman and Smith, Barry",
   title     = "Package Management Practices Essential for Interoperability: Lessons Learned and Strategies Developed for FASTMath",
   institution = "figshare",
   number   = "789055",
   year      = "2013",
   note     = "\url{http://dx.doi.org/10.6084/m9.figshare.789055}",
}

@techreport{Broman_WSSSPE,
   author    = "Karl W. Broman",
   title     = "Thirteen years of R/qtl: Just barely sustainable",
   institution = "arXiv",
   number   = "1309.1192",
   year      = "2013",
   note     = "\url{http://arxiv.org/abs/1309.1192}",
}

@techreport{Ferenbaugh_WSSSPE,
   author    = "Charles R. Ferenbaugh",
   title     = "Experiments in Sustainable Software Practices for Future Architectures",
   institution = "arXiv",
   number   = "1309.1428",
   year      = "2013",
   note     = "\url{http://arxiv.org/abs/1309.1428}",
}

@techreport{Stephan_WSSSPE,
   author    = "Stephan, Eric G. and Elsethagen, Todd O. and Kleese van Dam, Kerstin and Riihimaki, Laura",
   title     = "What Comes First, the {OWL} or the Bean?",
   institution = "figshare",
   number   = "790738",
   year      = "2013",
   note     = "\url{http://dx.doi.org/10.6084/m9.figshare.790738}",
}

@techreport{Gaston_WSSSPE,
   author    = "Gaston, Derek R. and Peterson, John and Permann, Cody J. and Andrs, David and Slaughter, Andrew E. and Miller, Jason M.",
   title     = "Continuous Integration for Concurrent Computational Framework and Application Development",
   institution = "figshare",
   number   = "790755",
   year      = "2013",
   note     = "\url{http://dx.doi.org/10.6084/m9.figshare.790755}",
}

@techreport{Dubey_WSSSPE,
   author    = "A. Dubey and B. Van Straalen",
   title     = "Experiences from Software Engineering of Large Scale {AMR} Multiphysics Code Frameworks",
   institution = "arXiv",
   number   = "1309.1781",
   year      = "2013",
   note     = "\url{http://arxiv.org/abs/1309.1781}",
}

@techreport{Blatt_WSSSPE,
   author    = "Makus Blatt",
   title     = "{DUNE} as an Example of Sustainable Open Source Scientific Software Development",
   institution = "arXiv",
   number   = "1309.1783",
   year      = "2013",
   note     = "\url{http://arxiv.org/abs/1309.1783}",
}

@techreport{Koop_WSSSPE,
   author    = {David Koop and Juliana Freire and Cl\'{a}udio T. Silva},
   title     = "Enabling Reproducible Science with {VisTrails}",
   institution = "arXiv",
   number   = "1309.1784",
   year      = "2013",
   note     = "\url{http://arxiv.org/abs/1309.1784}",
}

@techreport{Ahern_WSSSPE,
   author    = "Sean Ahern and Eric Brugger and Brad Whitlock and Jeremy S. Meredith and Kathleen Biagas and Mark C. Miller and Hank Childs",
   title     = "{VisIt}: Experiences with Sustainable Software",
   institution = "arXiv",
   number   = "1309.1796",
   year      = "2013",
   note     = "\url{http://arxiv.org/abs/1309.1796}",
}

@techreport{Choi_WSSSPE,
   author    = "Sou-Cheng T. Choi",
   title     = "{MINRES-QLP Pack} and Reliable Reproducible Research via Staunch Scientific Software",
   institution = "figshare",
   number   = "791562",
   year      = "2013",
   note     = "\url{http://dx.doi.org/10.6084/m9.figshare.791562}",
}

@techreport{Crusoe_WSSSPE,
   author    = "Michael Crusoe and C. Titus Brown",
   title     = "Walking the talk: adopting and adapting sustainable scientific software development processes in a small biology lab",
   institution = "figshare",
   number   = "791567",
   year      = "2013",
   note     = "\url{http://dx.doi.org/10.6084/m9.figshare.791567}",
}

@techreport{Panda_WSSSPE,
   author    = "Panda, Dhabaleswar K. and Tomko, Karen and Schulz, Karl and Majumdar, Amitava",
   title     = "The {MVAPICH} Project: Evolution and Sustainability of an Open Source Production Quality {MPI} Library for {HPC}",
   institution = "figshare",
   number   = "791563",
   year      = "2013",
   note     = "\url{http://dx.doi.org/10.6084/m9.figshare.791563}",
}

@techreport{Heien_WSSSPE,
   author    = "Eric M. Heien and Todd L. Miller and Becky Gietzel and Louise H. Kellogg",
   title     = "Experiences with Automated Build and Test for Geodynamics Simulation Codes",
   institution = "arXiv",
   number   = "1309.1199",
   year      = "2013",
   note     = "\url{http://arxiv.org/abs/1309.1199}",
}

@techreport{Casanova_WSSSPE,
   author    = {Henri Casanova and Arnaud Giersch and Arnaud Legrand and Martin Quinson and Fr\'{e}d\'{e}ric Suter},
   title     = "{SimGrid}: a Sustained Effort for the Versatile Simulation of Large Scale Distributed Systems",
   institution = "arXiv",
   number   = "1309.1630",
   year      = "2013",
   note     = "\url{http://arxiv.org/abs/1309.1630}",
}

@techreport{Trainer_WSSSPE,
   author    = "Erik Trainer and Chalalai Chaihirunkarn and James Herbsleb",
   title     = "The Big Effects of Short-term Efforts: A Catalyst for Community Engagement in Scientific Software",
   institution = "figshare",
   number   = "790754",
   year      = "2013",
   note     = "\url{http://dx.doi.org/10.6084/m9.figshare.790754}",
}

@techreport{Cohen_WSSSPE,
   author    = "Jeremy Cohen and Chris Cantwell and Neil {Chue Hong} and David Moxey and Malcolm Illingworth and Andrew Turner and John Darlington and Spencer Sherwin",
   title     = "Simplifying the Development, Use and Sustainability of {HPC} Software",
   institution = "arXiv",
   number   = "1309.1101",
   year      = "2013",
   note     = "\url{http://arxiv.org/abs/1309.1101}",
}

@techreport{Slawinski_WSSSPE,
   author    = "Jaroslaw Slawinski and Vaidy Sunderam",
   title     = "Towards Semi-Automatic Deployment of Scientific and Engineering Applications",
   institution = "figshare",
   number   = "791570",
   year      = "2013",
   note     = "\url{http://dx.doi.org/10.6084/m9.figshare.791570}",
}

@article{Prlic_WSSSPE,
   author    = {Andreas Prli\'{c} and James B. Procter},
   title     = "Ten Simple Rules for the Open Development of Scientific Software",
   journal = "PLOS Computational Biology",
   volume="8",
   number   = "12",
   year      = "2012",
   note     = "\url{http://dx.doi.org/10.1371/journal.pcbi.1002802}",
}

@techreport{Dubey2_WSSSPE,
   author    = {A. Dubey and S. Brandt and R. Brower and M. Giles and P. Hovland and D.Q. Lamb and F. L\"{o}ffler and B. Norris and B. OShea and C. Rebbi and M. Snir and R. Thakur},
   title     = "Software Abstractions and Methodologies for {HPC} Simulation Codes on Future Architectures",
   institution = "arXiv",
   number   = "1309.1780",
   year      = "2013",
   note     = "\url{http://arxiv.org/abs/1309.1780}",
}

@techreport{Carver_WSSSPE,
   author    = "Jeffrey C. Carver and George K. Thiruvathukal",
   title     = "Software Engineering Need not be Difficult",
   institution = "figshare",
   number   = "830442",
   year      = "2013",
   note     = "\url{http://dx.doi.org/10.6084/m9.figshare.830442}",
}

@techreport{Stewart_WSSSPE,
   author    = "Craig A. Stewart and Julie Wernert and Eric A. Wernert and William K. Barnett and Von Welch",
   title     = "Initial Findings from a Study of Best Practices and Models for Cyberinfrastructure Software Sustainability",
   institution = "arXiv",
   number   = "1309.1817",
   year      = "2013",
   note     = "\url{http://arxiv.org/abs/1309.1817}",
}

@techreport{Brown_WSSSPE,
   author    = "Jed Brown and Matthew Knepley and Barry Smith",
   title     = "Run-time extensibility: anything less is unsustainable",
   institution = "figshare",
   number   = "791571",
   year      = "2013",
   note     = "\url{http://dx.doi.org/10.6084/m9.figshare.791571}",
}

@techreport{Swenson_WSSSPE,
   author    = "Shel Swenson and Yogesh Simmhan and Viktor Prasanna and Manish Parashar and Jason Riedy and David Bader and Richard Vuduc",
   title     = "Sustainable Software Development for Next-Gen Sequencing ({NGS}) Bioinformatics on Emerging Platforms",
   institution = "arXiv",
   number   = "1309.1828",
   year      = "2013",
   note     = "\url{http://arxiv.org/abs/1309.1828}",
}

@techreport{Calero_WSSSPE,
   author    = "Coral Calero and M.Angeles Moraga and Manuel F. Bertoa",
   title     = "Towards a Software Product Sustainability Model",
   institution = "arXiv",
   number   = "1309.1640",
   year      = "2013",
   note     = "\url{http://arxiv.org/abs/1309.1640}",
}

@techreport{Venters_WSSSPE,
   author    = "Colin Venters and Lydia Lau and Michael K. Griffiths and Violeta Holmes and Rupert R. Ward and Jie Xu",
   title     = "The Blind Men and the Elephant: Towards a Software Sustainability Architectural Evaluation Framework",
   institution = "figshare",
   number   = "790758",
   year      = "2013",
   note     = "\url{http://dx.doi.org/10.6084/m9.figshare.790758}",
}

@techreport{Pierce_WSSSPE,
   author    = "Marlon Pierce and Suresh Marru and Chris Mattmann",
   title     = "Sustainable Cyberinfrastructure Software Through Open Governance",
   institution = "figshare",
   number   = "790761",
   year      = "2013",
   note     = "\url{http://dx.doi.org/10.6084/m9.figshare.790761}",
}

@techreport{Katz_WSSSPE,
   author    = "Daniel S. Katz and David Proctor",
   title     = "A Framework for Discussing e-Research Infrastructure Sustainability",
   institution = "figshare",
   number   = "790767",
   year      = "2013",
note = {DOI:  \href{http://dx.doi.org/10.6084/m9.figshare.790767}{10.6084/m9.figshare.790767}}
}

@techreport{Lenhardt_WSSSPE,
   author    = "Christopher Lenhardt and Stanley Ahalt and Brian Blanton and Laura Christopherson and Ray Idaszak",
   title     = "Data Management Lifecycle and Software Lifecycle Management in the Context of Conducting Science",
   institution = "figshare",
   number   = "791561",
   year      = "2013",
   note     = "\url{http://dx.doi.org/10.6084/m9.figshare.791561}",
}

@techreport{Weber_WSSSPE,
   author    = "Nicholas Weber and Andrea Thomer and Michael Twidale",
   title     = "Niche Modeling: Ecological Metaphors for Sustainable Software in Science",
   institution = "figshare",
   number   = "791564",
   year      = "2013",
   note     = "\url{http://dx.doi.org/10.6084/m9.figshare.791564}",
}

@techreport{Knepley_WSSSPE,
   author    = "Matthew G. Knepley and Jed Brown and Lois Curfman McInnes and Barry Smith",
   title     = "Accurately Citing Software and Algorithms Used in Publications",
   institution = "figshare",
   number   = "785731",
   year      = "2013",
   note     = "\url{http://dx.doi.org/10.6084/m9.figshare.785731}",
}

@techreport{Priem_WSSSPE,
   author    = "Jason Priem and Heather Piwowar",
   title     = "Toward a comprehensive impact report for every software project",
   institution = "figshare",
   number   = "790651",
   year      = "2013",
   note     = "\url{http://dx.doi.org/10.6084/m9.figshare.790651}",
}

@techreport{Katz2_WSSSPE,
   author    = "Daniel S. Katz",
   title     = "Citation and Attribution of Digital Products: Social and Technological Concerns",
   institution = "figshare",
   number   = "791606",
   year      = "2013",
note = {DOI:  \href{http://dx.doi.org/10.6084/m9.figshare.791606}{10.6084/m9.figshare.791606}}
}

@techreport{Chue_Hong_WSSSPE,
   author    = "Neil {Chue Hong} and Brian Hole and Samuel Moore",
   title     = "Software Papers: improving the reusability and sustainability of scientific software",
   institution = "figshare",
   number   = "795303",
   year      = "2013",
   note     = "\url{http://dx.doi.org/10.6084/m9.figshare.795303}",
}

@techreport{Loffler_WSSSPE,
   author    = {Frank L\"{o}ffler and Steven R. Brandt and Gabrielle Allen and Erik Schnetter},
   title     = "Cactus: Issues for Sustainable Simulation Software",
   institution = "arXiv",
   number   = "1309.1812",
   year      = "2013",
   note     = "\url{http://arxiv.org/abs/1309.1812}",
}

@techreport{Stodden_WSSSPE,
   author    = "Victoria Stodden and Sheila Miguez",
   title     = "Best Practices for Computational Science: Software Infrastructure and Environments for Reproducible and Extensible Research",
   institution = "Social Science Research Network",
   number   = "2322276",
   year      = "2013",
   note     = "\url{http://dx.doi.org/10.2139/ssrn.2322276}",
}

@techreport{Heiland_WSSSPE,
   author    = "Randy Heiland and Betsy Thomas and Von Welch and Craig Jackson",
   title     = "Toward a Research Software Security Maturity Model",
   institution = "arXiv",
   number   = "1309.1677",
   year      = "2013",
   note     = "\url{http://arxiv.org/abs/1309.1677}",
}

@techreport{Blanton_WSSSPE,
   author    = "Brian Blanton and Christopher Lenhardt",
   title     = "A User Perspective on Sustainable Scientific Software",
   institution = "figshare",
   number   = "789028",
   year      = "2013",
   note     = "\url{http://dx.doi.org/10.6084/m9.figshare.789028}",
}

@techreport{Huang_WSSSPE,
   author    = "Daisie Huang and Hilmar Lapp",
   title     = "Software Engineering as Instrumentation for the Long Tail of Scientific Software",
   institution = "figshare",
   number   = "791560",
   year      = "2013",
   note     = "\url{http://dx.doi.org/10.6084/m9.figshare.791560}",
}

@techreport{Krintz_WSSSPE,
   author    = "Chandra Krintz and Hiranya Jayathilaka and Stratos Dimopoulos and Alexander Pucher and Rich Wolski",
   title     = "Developing Systems for {API} Governance",
   institution = "figshare",
   number   = "790746",
   year      = "2013",
   note     = "\url{http://dx.doi.org/10.6084/m9.figshare.790746}",
}

@techreport{Christopherson_WSSSPE,
   author    = "Laura Christopherson and Ray Idaszak and Stan Ahalt",
   title     = "Developing Scientific Software through the Open Community Engagement Process",
   institution = "figshare",
   number   = "790723",
   year      = "2013",
   note     = "\url{http://dx.doi.org/10.6084/m9.figshare.790723}",
}

@techreport{Moore_WSSSPE,
   title    = "Extensible Generic Data Management Software",
   author     = "Reagan W. Moore",
   institution = "arXiv",
   number   = "1309.5372",
   year      = "2013",
   note     = "\url{http://arxiv.org/abs/1309.5372}",
}

@techreport{Cranston_WSSSPE,
   author    = "Karen Cranston and Todd Vision and Brian O'Meara and Hilmar Lapp",
   title     = "A grassroots approach to software sustainability",
   institution = "figshare",
   number   = "790739",
   year      = "2013",
   note     = "\url{http://dx.doi.org/10.6084/m9.figshare.790739}",
}

@techreport{Vay_WSSSPE,
   author    = "Jean-Luc Vay and  Cameron G. R. Geddes and Alice Koniges and Alex Friedman and David P. Grote and David Bruhwiler   ",
   title     = "White Paper on {DOE-HEP} Accelerator Modeling Science Activities",
   institution = "figshare",
   number   = "793816",
   year      = "2013",
   note     = "\url{http://dx.doi.org/10.6084/m9.figshare.793816}",
}

@techreport{Pierce2_WSSSPE,
   author    = "Marlon Pierce and Suresh Marru and Borries Demeler and Amitava Majumdar and Mark Miller",
   title     = "Science Gateway Operational Sustainability: Adopting a Platform-as-a-Service Approach",
   institution = "figshare",
   number   = "790760",
   year      = "2013",
   note     = "\url{http://dx.doi.org/10.6084/m9.figshare.790760}",
}

@techreport{Zentner_WSSSPE,
   author    = "Lynn Zentner and Michael Zentner and Victoria Farnsworth and Michael McLennan and Krishna Madhavan and Gerhard Klimeck",
   title     = "{nanoHUB.org}: Experiences and Challenges in Software Sustainability for a Large Scientific Community",
   institution = "arXiv",
   number   = "1309.1805",
   year      = "2013",
   note     = "\url{http://arxiv.org/abs/1309.1805}",
}

@techreport{Terrel_WSSSPE,
   author    = "Andy Terrel",
   title     = "Sustaining the {Python} Scientific Software Community",
   institution = "figshare",
   number   = "791565",
   year      = "2013",
   note     = "\url{http://dx.doi.org/10.6084/m9.figshare.791565}",
}

@techreport{Maheshwari_WSSSPE,
   author    = "Ketan Maheshwari and David Kelly and Scott J. Krieder and Justin M. Wozniak and Daniel S. Katz and Mei Zhi-Gang and Mainak Mookherjee",
   title     = "Reusability in Science: From Initial User Engagement to Dissemination of Results",
   institution = "arXiv",
   number   = "1309.1813",
   year      = "2013",
   note     = "\url{http://arxiv.org/abs/1309.1813}",
}

@techreport{Wilkins-Diehr_WSSSPE,
   author    = "Nancy Wilkins-Diehr and Katherine Lawrence and Linda Hayden and Marlon Pierce and Suresh Marru and Michael McLennan and Michael Zentner and Rion Dooley and Dan Stanzione",
   title     = "Science Gateways and the Importance of Sustainability",
   institution = "figshare",
   number   = "790764",
   year      = "2013",
   note     = "\url{http://dx.doi.org/10.6084/m9.figshare.790764}",
}

@techreport{Hart_WSSSPE,
   author    = "Edmund Hart and Carl Boettiger and Karthik Ram and Scott Chamberlain ",
   title     = "rOpenSci - a collaborative effort to develop R-based tools for facilitating Open Science",
   institution = "figshare",
   number   = "791569",
   year      = "2013",
   note     = "\url{http://dx.doi.org/10.6084/m9.figshare.791569}",
}

@techreport{Hanwell_WSSSPE,
   author    = "Marcus Hanwell and Amitha Perera and Wes Turner and Patrick O'Leary and Katie Osterdahl and Bill Hoffman and Will Schroeder",
   title     = "Sustainable Software Ecosystems for Open Science",
   institution = "figshare",
   number   = "790756",
   year      = "2013",
   note     = "\url{http://dx.doi.org/10.6084/m9.figshare.790756}",
}

@techreport{Elster_WSSSPE,
   author    = "Anne C. Elster",
   title     = "Software for Science: Some Personal Reflections",
   institution = "arXiv",
   number   = "1309.2357",
   year      = "2013",
   note     = "\url{http://arxiv.org/abs/1309.2357}",
}

@techreport{Foster_WSSSPE,
   author    = "Ian Foster and Vas Vasiliadis and Steven Tuecke",
   title     = "Software as a Service as a path to software sustainability",
   institution = "figshare",
   number   = "791604",
   year      = "2013",
   note     = "\url{http://dx.doi.org/10.6084/m9.figshare.791604}",
}

@techreport{Girotto_WSSSPE,
   author    = "Ivan Girotto and Axel Kohlmeyer and David Grellscheid and Shawn T. Brown",
   title     = "Advanced Techniques for Scientific Programming and Collaborative Development of Open Source Software Packages at the {ICTP}",
   institution = "figshare",
   number   = "796439",
   year      = "2013",
   note     = "\url{http://dx.doi.org/10.6084/m9.figshare.796439}",
}

@techreport{Crawford_WSSSPE,
   author    = "T. Daniel Crawford",
   title     = "On the Development of Sustainable Software for Computational Chemistry",
   institution = "figshare",
   number   = "790757",
   year      = "2013",
   note     = "\url{http://dx.doi.org/10.6084/m9.figshare.790757}",
}

@article{Veretnik,
    author = {Veretnik, Stella AND Fink, J. Lynn AND Bourne, Philip E.},
    journal = {PLoS Comput Biol},
    publisher = {Public Library of Science},
    title = {Computational Biology Resources Lack Persistence and Usability},
    year = {2008},
    month = {07},
    volume = {4},
    url = {\url{http://dx.plos.org/10.1371%2Fjournal.pcbi.1000136}},
    pages = {e1000136},
    abstract = {},
    number = {7},
    doi = {10.1371/journal.pcbi.1000136}
}        

@article{bourne_ten,
    author = {Bourne, Philip E.},
    journal = {PLoS Comput Biol},
    publisher = {Public Library of Science},
    title = {Ten Simple Rules for Getting Ahead as a Computational Biologist in Academia},
    year = {2011},
    month = {01},
    volume = {7},
    url = {\url{http://dx.doi.org/10.1371%2Fjournal.pcbi.1002001}},
    pages = {e1002001},
    abstract = {},
    number = {1},
    doi = {10.1371/journal.pcbi.1002001}
}        


@misc{arXiv-web,
title={{arXiv.org e-Print archive}},
key={{arXiv.org e-Print archive}},
howpublished={\url{http://arxiv.org}},
note = {Accessed: 2014-02-03}
}

@misc{figshare-web,
title={{figshare}},
key={{figshare}},
howpublished={\url{http://figshare.com}},
note = {Accessed: 2014-02-03}
}

@techreport{WSSSPE1-pre-report,
   author    = "Daniel S. Katz and Gabrielle Allen and Neil Chue Hong and Manish Parashar and David Proctor",
   title     = "First Workshop on on Sustainable Software for Science: Practice and Experiences {(WSSSPE)}: Submission and Peer-Review Process, and Results",
   institution = "arXiv",
   number   = "1311.3523",
   year      = "2013",
   note     = "\url{http://arxiv.org/abs/1311.3523}",
}

@misc{WSSSPE1-google-notes,
title={{WSSSPE1} Collaborative Notes},
author={{WSSSPE1 attendees}},
howpublished={\url{https://docs.google.com/document/d/1eVfioGNlihXG_1Y8BgdCI6tXZKrybZgz5XuQHjT1oKU/}},
note = {Accessed: 2014-02-03},
}

@misc{WSSSPE1-keynote1,
author={Philip E. Bourne},
title ={A Recipe for Sustainable Software},
year  ={2013},  
note  ={A keynote presentation given at the First Workshop on Sustainable Software for Science: Practice and Experiences (WSSSPE1), November 17, Denver, Colorado, USA. Abstract available online: \url{http://wssspe.researchcomputing.org.uk/wssspe1/keynotes/#bourne}. Slides available online: \url{www.slideshare.net/pebourne/a-recipe-for-sustainable-software}},
}

@misc{WSSSPE1-keynote2,
author={Arfon Smith},
title ={Scientific Software and the Open Collaborative Web},
year  ={2013},  
note  ={A keynote presentation given at the First Workshop on Sustainable Software for Science: Practice and Experiences (WSSSPE1), November 17, Denver, Colorado, USA. Abstract available online: \url{http://wssspe.researchcomputing.org.uk/wssspe1/keynotes/#smith}. Slides available online: \url{http://is.gd/wssspe}},
}

@misc{okcon-stodden-talk,
author={Victoria Stodden},
title ={Why Science is an Open Endeavor},
year  ={2013},  
note  ={A talk given at the Open Knowledge Conference, September 16--18, Geneva, Switzerland. Slides available online:\url{http://www.stanford.edu/~vcs/talks/OKcon2013-Sept172013-STODDEN.pdf}},
}


@misc{plos-web,
title = {{Public Library of Science}},
key = {{PLOS}},
howpublished = {\url{http://www.plos.org/}},
note = {Accessed: 2014-02-11}
}


@misc{pdb-web,
title = {{Protein Data Bank}},
key = {{PDB}},
howpublished = {\url{http://www.rcsb.org/pdb/}},
note = {Accessed: 2014-02-05}
}

@misc{biojava-web,
title = {{The BioJava Project}},
key = {{BioJava}},
howpublished = {\url{http://biojava.org}},
note = {Accessed: 2014-02-07}
}

@misc{osdc-web,
title={{Open Science Data Cloud}},
key={OSDC},
howpublished={\url{https://www.opensciencedatacloud.org/}},
note = {Accessed: 2014-02-07},
}

@misc{github-web,
title={{GitHub}},
key={GitHub},
howpublished={\url{https://github.com/}},
note = {Accessed: 2014-02-11},
}

@misc{sbir-web,
title={{Small Business Innovation Research}},
key={SBIR},
howpublished={\url{http://www.nsf.gov/eng/iip/sbir/}},
note = {Accessed: 2014-02-07},
}

@misc{emcee-web,
author={Dan Foreman-Mackey and contributors},
title={{The Python ensemble sampling toolkit for affine-invariant MCMC}},
key={EMCEE},
howpublished={\url{https://github.com/dfm/emcee}},
note = {Accessed: 2014-02-07},
}

@misc{ged-web,
author={C. Titus Brown},
title={{Laboratory of Genomics, Evolution and Development}},
key={GED},
howpublished={\url{http://ged.msu.edu}},
note = {Accessed: 2014-02-07},
}

@misc{rubygems-web,
title={{RubyGems.org}},
key={RubyGems},
howpublished={\url{http://rubygems.org/}},
note = {Accessed: 2014-02-07},
}

@misc{pypi-web,
title={{PyPI -- The Python Package Index}},
key={PyPI},
howpublished={\url{https://pypi.python.org/pypi}},
note = {Accessed: 2014-02-07},
}

@misc{cpan-web,
title={{The Comprehensive Perl Archive Network (CPAN)}},
key={CPAN},
howpublished={\url{http://www.cpan.org/}},
note = {Accessed: 2014-02-07},
}
 
 
@misc{peer-review-code,
author={Rosemary Dickin},
title={{What does peer review mean when applied to computer code?}},
howpublished={\url{http://blogs.plos.org/biologue/2013/08/08/what-does-peer-review-mean-when-applied-to-computer-code/}},
note = {Accessed: 2014-02-07},
}

 
@misc{perez-open-src-reproducible,
author={Fernando Perez},
title={{An ambitious experiment in Data Science takes off: a biased, Open Source view from Berkeley}},
year = "2013",
howpublished={\url{http://blog.fperez.org/2013/11/an-ambitious-experiment-in-data-science.html}},
}

@misc{fased-web,
author={National Science Foundation},
title={{	Facilitation Awards for Scientists and Engineers with Disabilities}},
key={FASED},
howpublished={\url{http://www.nsf.gov/pubs/policydocs/pappguide/nsf09_1/gpg_2.jsp\#IID2}}},
note = {Accessed: 2014-02-07},
}

@misc{OSS-ssmm-web,
author={Ross Gardler},
title={Software Sustainability Maturity Model},
howpublished={\url{http://oss-watch.ac.uk/resources/ssmm}},
note = {Accessed: 2014-02-06},
}

@misc{mongodb,
title = {{The MongoDB database project}},
key = {{MongoDB}},
howpublished = {\url{http://www.mongodb.org}},
note = {Accessed: 2014-07-07}
}

@misc{elasticsearch,
title = {{The Elastic Search project}},
key = {{Elastic Search}},
howpublished = {\url{http://www.elasticsearch.org}},
note = {Accessed: 2014-07-07}
}


@misc{w3c,
title = {{W3C JSON-LD definition}},
key = {{W3C}},
howpublished = {\url{http://www.w3.org/TR/json-ld/}},
note = {Accessed: 2014-07-07}
}

@techreport{lenhardt-wssspe1-panel,
   author    = "Lenhardt, Christopher",
   title     = "Summary of Papers on Science Software Sustainability Models for {WSSSPE} Panel {II}",
   institution = "figshare",
   number   = "853817",
   year      = "2013",
   note     = "\url{http://dx.doi.org/10.6084/m9.figshare.853817}",
}

@inproceedings{howison_incentives_2013,
	address = {San Antonio, {TX}},
	title = {Incentives and integration in scientific software production},
	doi = {10.1145/2441776.2441828},
	booktitle = {Proceedings of the {ACM} Conference on Computer Supported Cooperative Work},
	author = {Howison, James and Herbsleb, James D.},
	month = feb,
	year = {2013},
	pages = {459‚Äì470},
}

@article{bietz_synergizing_2010,
	title = {Synergizing in Cyberinfrastructure Development},
	volume = {19},
	issn = {0925-9724},
	doi = {10.1007/s10606-010-9114-y},
	number = {3-4},
	urldate = {2012-05-30},
	journal = {Comput. Supported Coop. Work},
	author = {Bietz, Matthew J. and Baumer, Eric P. and Lee, Charlotte P.},
	month = aug,
	year = {2010},
	pages = {245‚Äì281},
}

@inproceedings{howison_scientific_2011,
	address = {Hangzhou, China},
	series = {{CSCW} '11},
	title = {Scientific software production: incentives and collaboration},
	doi = {10.1145/1958824.1958904},
	booktitle = {Proceedings of the {ACM} Conference on Computer Supported Cooperative Work},
	publisher = {{ACM}},
	author = {Howison, James and Herbsleb, James D.},
	year = {2011},
	pages = {513‚Äì522},
}


@article{citeulike:11831265,
    author = {Prli\'{c}, Andreas and Procter, James B.},
    citeulike-article-id = {11831265},
    citeulike-linkout-0 = {http://dx.doi.org/10.1371/journal.pcbi.1002802},
    citeulike-linkout-1 = {http://view.ncbi.nlm.nih.gov/pubmed/23236269},
    citeulike-linkout-2 = {http://www.hubmed.org/display.cgi?uids=23236269},
    day = {6},
    doi = {10.1371/journal.pcbi.1002802},
    issn = {1553-7358},
    journal = {PLoS Computational Biology},
    keywords = {advices, journal, open\_source, research\_practices, software\_development, software\_engineering},
    month = dec,
    number = {12},
    pages = {e1002802+},
    pmid = {23236269},
    posted-at = {2012-12-19 10:49:27},
    priority = {2},
    publisher = {Public Library of Science},
    title = {Ten simple rules for the open development of scientific software},
    url = {http://dx.doi.org/10.1371/journal.pcbi.1002802},
    volume = {8},
    year = {2012}
}

@book{citeulike:7888211,
    author = {Bacon, Jono},
    citeulike-article-id = {7888211},
    keywords = {bacon, community, participation},
    posted-at = {2010-09-23 10:59:02},
    priority = {0},
    title = {The Art of Community. Building the New Age of Participation.},
    year = {2009}
}


@book{citeulike:478633,
    author = {Fogel, Karl},
    citeulike-article-id = {478633},
    citeulike-linkout-0 = {http://www.amazon.ca/exec/obidos/redirect?tag=citeulike09-20\&amp;path=ASIN/0596007590},
    citeulike-linkout-1 = {http://www.amazon.de/exec/obidos/redirect?tag=citeulike01-21\&amp;path=ASIN/0596007590},
    citeulike-linkout-2 = {http://www.amazon.fr/exec/obidos/redirect?tag=citeulike06-21\&amp;path=ASIN/0596007590},
    citeulike-linkout-3 = {http://www.amazon.jp/exec/obidos/ASIN/0596007590},
    citeulike-linkout-4 = {http://www.amazon.co.uk/exec/obidos/ASIN/0596007590/citeulike00-21},
    citeulike-linkout-5 = {http://www.amazon.com/exec/obidos/redirect?tag=citeulike07-20\&path=ASIN/0596007590},
    citeulike-linkout-6 = {http://www.worldcat.org/isbn/0596007590},
    citeulike-linkout-7 = {http://books.google.com/books?vid=ISBN0596007590},
    citeulike-linkout-8 = {http://www.amazon.com/gp/search?keywords=0596007590\&index=books\&linkCode=qs},
    citeulike-linkout-9 = {http://www.librarything.com/isbn/0596007590},
    day = {07},
    howpublished = {Paperback},
    isbn = {0596007590},
    keywords = {oss},
    month = oct,
    posted-at = {2011-11-09 07:04:10},
    priority = {2},
    publisher = {O'Reilly Media, Inc.},
    title = {Producing Open Source Software: How to Run a Successful Free Software Project},
    url = {http://www.amazon.com/exec/obidos/redirect?tag=citeulike07-20\&path=ASIN/0596007590},
    year = {2005}
}


@book{opac-b1134063,
   title = "Team geek : a software developer's guide to working well with others",
   author = "Fitzpatrick, Brian W. and Collins-Sussman, Ben",
   publisher = "O'Reilly",
   address = "Sebastopol. CA",
   url = "http://opac.inria.fr/record=b1134063",
   isbn = "978-1-449-30244-3",
   year = 2012
}

@inproceedings{DBLP:conf/cscw/HowisonH11,
  author    = {James Howison and
               James D. Herbsleb},
  title     = {Scientific software production: incentives and collaboration},
  booktitle = {CSCW},
  year      = {2011},
  pages     = {513-522},
  ee        = {http://doi.acm.org/10.1145/1958824.1958904},
  crossref  = {DBLP:conf/cscw/2011},
  bibsource = {DBLP, http://dblp.uni-trier.de}
}

@proceedings{DBLP:conf/cscw/2011,
  editor    = {Pamela J. Hinds and
               John C. Tang and
               Jian Wang and
               Jakob E. Bardram and
               Nicolas Ducheneaut},
  title     = {Proceedings of the 2011 ACM Conference on Computer Supported
               Cooperative Work, CSCW 2011, Hangzhou, China, March 19-23,
               2011},
  booktitle = {CSCW},
  publisher = {ACM},
  year      = {2011},
  isbn      = {978-1-4503-0556-3},
  bibsource = {DBLP, http://dblp.uni-trier.de}
}

@MISC{Trapani:2011,
author = {Trapani, Gina},
title = {Your Community is Your Best Feature},
month = apr,
year = {2011},
url = {http://smarterware.org/7819/my-codeconf-talk-your-community-is-your-best-feature}
}

@MISC{Allsopp:2012,
author = {Allsopp, John},
title = {The Proof of the Pudding},
month = nov,
year = {2012},
url = {http://www.webdirections.org/blog/the-proof-of-the-pudding/}
}

@article{1749-4699-6-1-015010,
  author={Wolfgang Bangerth and Timo Heister},
  title={What makes computational open source software libraries successful?},
  journal={Computational Science \& Discovery},
  volume={6},
  number={1},
  pages={015010},
  url={http://stacks.iop.org/1749-4699/6/i=1/a=015010},
  year={2013},
}
	
@inproceedings{Turk:2013:SCH:2484762.2484782,
 author = {Turk, Matthew J.},
 title = {Scaling a Code in the Human Dimension},
 booktitle = {Proceedings of the Conference on Extreme Science and Engineering Discovery Environment: Gateway to Discovery},
 series = {XSEDE '13},
 year = {2013},
 isbn = {978-1-4503-2170-9},
 location = {San Diego, California},
 pages = {69:1--69:7},
 articleno = {69},
 numpages = {7},
 url = {http://doi.acm.org/10.1145/2484762.2484782},
 doi = {10.1145/2484762.2484782},
 acmid = {2484782},
 publisher = {ACM},
 address = {New York, NY, USA},
 keywords = {XSEDE proceedings, community, open source},
} 

@ARTICLE{iPlant,
  title    = "The iPlant Collaborative: Cyberinfrastructure for Plant Biology",
  author   = "Goff, Stephen A and Vaughn, Matthew and McKay, Sheldon and Lyons,
              Eric and Stapleton, Ann E and Gessler, Damian and Matasci, Naim
              and Wang, Liya and Hanlon, Matthew and Lenards, Andrew and Muir,
              Andy and Merchant, Nirav and Lowry, Sonya and Mock, Stephen and
              Helmke, Matthew and Kubach, Adam and Narro, Martha and Hopkins,
              Nicole and Micklos, David and Hilgert, Uwe and Gonzales, Michael
              and Jordan, Chris and Skidmore, Edwin and Dooley, Rion and Cazes,
              John and McLay, Robert and Lu, Zhenyuan and Pasternak, Shiran and
              Koesterke, Lars and Piel, William H. and Grene, Ruth and Noutsos,
              Christos and Gendler, Karla and Feng, Xin and Tang, Chunlao and
              Lent, Monica and Kim, Seung-Jin and Kvilekval, Kristian and
              Manjunath, B S and Tannen, Val and Stamatakis, Alexandros and
              Sanderson, Michael and Welch, Stephen M. and Cranston, Karen A.
              and Soltis, Pamela and Soltis, Doug and O'Meara, Brian and Ane,
              Cecile and Brutnell, Tom and Kleibenstein, Daniel J. and White,
              Jeffery W. and Leebens-Mack, James and Donoghue, Michael J. and
              Spalding, Edgar P. and Vision, Todd J and Myers, Christopher R
              and Lowenthal, David and Enquist, Brian J and Boyle, Brad and
              Akoglu, Ali and Andrews, Greg and Ram, Sudha and Ware, Doreen and
              Stein, Lincoln and Stanzione, Dan",
  journal  = "Front. Plant Sci.",
  volume   =  2,
  number   = "July",
  pages    = "1--16",
  year     =  2011,
  url      = "http://dx.doi.org/10.3389/fpls.2011.00034",
  keywords = "bioinformatics; cyberinfrastructure; plant biology",
  issn     = "1664-462X",
  doi      = "10.3389/fpls.2011.00034"
}


@ARTICLE{Qiime,
  title     = "{QIIME} allows analysis of high-throughput community sequencing
               data",
  author    = "Gregory Caporaso, J and Kuczynski, Justin and Stombaugh, Jesse
               and Bittinger, Kyle and Bushman, Frederic D and Costello,
               Elizabeth K and Fierer, Noah and Pe\~{n}a, Antonio Gonzalez and
               Goodrich, Julia K and Gordon, Jeffrey I and Huttley, Gavin A and
               Kelley, Scott T and Knights, Dan and Koenig, Jeremy E and Ley,
               Ruth E and Lozupone, Catherine A and McDonald, Daniel and
               Muegge, Brian D and Pirrung, Meg and Reeder, Jens and Sevinsky,
               Joel R and Turnbaugh, Peter J and Walters, William A and
               Widmann, Jeremy and Yatsunenko, Tanya and Zaneveld, Jesse and
               Knight, Rob",
  journal   = "Nat. Methods",
  publisher = "Nature Publishing Group",
  volume    =  7,
  number    =  5,
  pages     = "335--336",
  year      =  2010,
  url       = {http://dx.doi.org/10.1038/nmeth.f.303},
  issn      = "1548-7091",
  pmid      = "20383131",
  doi       = "10.1038/nmeth.f.303"
}


@ARTICLE{SoftwareCarpentry,
  title    = "Software Carpentry: Getting Scientists to Write Better Code by
              Making Them More Productive",
  author   = "Wilson, Greg",
  journal  = "Comput. Sci. Eng.",
  volume   =  8,
  number   =  6,
  pages    = "66",
  year     =  2006,
  url      = {http://dx.doi.org/10.1109/mcse.2006.122},
  keywords = "software engineering",
  issn     = "1521-9615",
  doi      = "10.1109/mcse.2006.122"
}

@MISC{rOpenSci,
  title    = "{rOpenSci} - open source tools for open science",
  author   = "Boettiger, Carl and Ram, Karthik and Chamberlain, Scott and Hart,
              Edmund",
  abstract = "rOpenSci develops tools to faciliate open and reproducible
              science.",
  url      =  {http://ropensci.org/},
  howpublished = {\url{http://ropensci.org/}},
  note     =  {Accessed: 2014-04-06}
}

@ARTICLE{Galaxy,
  title       = "Galaxy: a comprehensive approach for supporting accessible,
                 reproducible, and transparent computational research in the
                 life sciences",
  author      = "Goecks, Jeremy and Nekrutenko, Anton and Taylor, James and
                 {Galaxy Team}",
  affiliation = "Department of Biology and Department of Mathematics and
                 Computer Science, Emory University, 1510 Clifton Road NE,
                 Atlanta, GA 30322, USA. jeremy.goecks@emory.edu",
  abstract    = "Increased reliance on computational approaches in the life
                 sciences has revealed grave concerns about how accessible and
                 reproducible computation-reliant results truly are. Galaxy
                 http://usegalaxy.org, an open web-based platform for genomic
                 research, addresses these problems. Galaxy automatically
                 tracks and manages data provenance and provides support for
                 capturing the context and intent of computational methods.
                 Galaxy Pages are interactive, web-based documents that provide
                 users with a medium to communicate a complete computational
                 analysis.",
  journal     = "Genome Biol.",
  volume      =  11,
  number      =  8,
  pages       = "R86",
  year        =  2010,
  url         = "http://dx.doi.org/10.1186/gb-2010-11-8-r86",
  issn        = "1465-6906",
  pmid        = "20738864",
  doi         = "10.1186/gb-2010-11-8-r86",
  pmc         = "PMC2945788"
}

@misc{altmetrics,
author={J. Priem and D. Taraborelli and P. Groth and C. Neylon},
title={Altmetrics Manifesto},
note={\url{http://altmetrics.org/manifesto}},
year={2011},
}

@book{nrc_data,
author={{National Research Council}},
title={For Attribution--Developing Data Attribution and Citation Practices and Standards},
publisher={National Academies Press},
year={2012}
}

@misc{nsf_gpg,
author={{National Science Foundation}},
title={Grant and Proposal Guide},
note={NSF 14-1},
year={2014}
}

@article{Katz2_WSSSPE_JORS,
   author    = {Daniel S. Katz},
   title     = {Transitive credit as a means to address social and technological concerns stemming from citation and attribution of digital products},
   journal = {Journal of Open Research Software},
   year      = {2014},
   note = {DOI: 
  \href{http://dx.doi.org/10.5334/jors.be}{10.5334/jors.be}}
}

@misc{arfon-json-ld-blog,
  author = {Arfon Smith},
  title = {{JSON-LD} for software discovery, reuse, and credit},
  note={\url{http://www.arfon.org/json-ld-for-software-discovery-reuse-and-credit} Accessed: 2014-07-10},
  year={2014},
}

@inbook{DOI-data-model,
author = {{International DOI Foundation}},
chapter = {{DOI} Data Model},
crossref = {DOI-handbook},
note={\url{http://www.doi.org/doi_handbook/4_Data_Model.html} Accessed: 2014-07-14}
  }

@book{ DOI-handbook,
key={DOI Handbook},
title      = {The {DOI} Handbook},
booktitle = {The {DOI} Handbook},
year = 2012
}

@article{contributorship-taxonomy,
author={Liz Allen and Jo Scott and Amy Brandt and  Marjorie Hlava and Micah Altman},
year={2014},
title={Publishing: Credit where credit is due},
journal={Nature},
volume={508},
pages={312--313},
note = {DOI: 
  \href{http://dx.doi.org/10.1038/508312a}{10.1038/508312a}}
}

@article{WSSSPE1,
	author = {Daniel Katz and Sou-Cheng Choi and Hilmar Lapp and Ketan Maheshwari and Frank L\"{o}ffler and Matthew Turk and Marcus Hanwell and Nancy Wilkins-Diehr and James Hetherington and James Howison and Shel Swenson and Gabrielle Allen and Anne Elster and Bruce Berriman and Colin Venters},
	title = {Summary of the First Workshop on Sustainable Software for Science: Practice and Experiences ({WSSSPE1})},
	journal = {Journal of Open Research Software},
	volume = {2},
	number = {1},
	year = {2014},
	issn = {2049-9647},
    note = {DOI: 
  \href{http://dx.doi.org/10.5334/jors.be}{10.5334/jors.be}},
}

@article{metatags,
author = {Davenport, Elisabeth and Cronin, Blaise},
title = {Who dunnit? Metatags and hyperauthorship},
journal = {Journal of the American Society for Information Science and Technology},
volume = {52},
number = {9},
publisher = {John Wiley & Sons, Inc.},
issn = {1532-2890},
note = {DOI: 
  \href{http://dx.doi.org/10.1002/asi.1123}{10.1002/asi.1123}},
pages = {770--773},
year = {2001},
}

@report{teams,
author = {H\"{a}ussler, Carolin and Sauermann, Henry},
title={The Anatomy of Teams: Division of Labor and Allocation of Credit in Collaborative Knowledge Production},
year={2014},
month={May 7},
note = {DOI: 
  \href{http://dx.doi.org/10.2139/ssrn.2434327}{10.2139/ssrn.2434327}},
}

@article{transitive-wssspe2,
author = {Daniel S. Katz and Arfon M. Smith},
title = {Implementing Transitive Credit with {JSON-LD}},
journal = {CoRR},
volume = {abs/1407.5117},
year = {2014},
url = {http://arxiv.org/abs/1407.5117},
timestamp = {Fri, 01 Aug 2014 13:50:01 +0200},
biburl = {http://dblp.uni-trier.de/rec/bib/journals/corr/KatzS14},
bibsource = {dblp computer science bibliography, http://dblp.org},
note = {\href{http://arxiv.org/abs/1407.5117}{http://arxiv.org/abs/1407.5117}. Accessed: 2015-02-08},
}
